@article{mcculloch1943logical,
  title={A logical calculus of the ideas immanent in nervous activity},
  author={McCulloch, Warren S and Pitts, Walter},
  journal={The bulletin of mathematical biophysics},
  volume={5},
  number={4},
  pages={115--133},
  year={1943},
  publisher={Springer}
}


@book{kotonya1998requirements,
  title={Requirements engineering: processes and techniques},
  author={Kotonya, Gerald and Sommerville, Ian},
  year={1998},
  publisher={Wiley Publishing}
}
